@inproceedings{Chen18GradNorm,
  author    = {Zhao Chen and
               Vijay Badrinarayanan and
               Chen{-}Yu Lee and
               Andrew Rabinovich},
  editor    = {Jennifer G. Dy and
               Andreas Krause},
  title     = {GradNorm: Gradient Normalization for Adaptive Loss Balancing in Deep
               Multitask Networks},
  booktitle = {Proceedings of the 35th International Conference on Machine Learning,
               {ICML} 2018, Stockholmsm{\"{a}}ssan, Stockholm, Sweden, July
               10-15, 2018},
  series    = {Proceedings of Machine Learning Research},
  volume    = {80},
  pages     = {793--802},
  publisher = {{PMLR}},
  year      = {2018},
  url       = {http://proceedings.mlr.press/v80/chen18a.html},
  timestamp = {Fri, 13 Sep 2019 14:28:39 +0200},
  biburl    = {https://dblp.org/rec/conf/icml/ChenBLR18.bib},
  bibsource = {dblp computer science bibliography, https://dblp.org}
}

@inproceedings{Kendall18Uncertainty,
  author    = {Alex Kendall and
               Yarin Gal and
               Roberto Cipolla},
  title     = {Multi-Task Learning Using Uncertainty to Weigh Losses for Scene Geometry
               and Semantics},
  booktitle = {2018 {IEEE} Conference on Computer Vision and Pattern Recognition,
               {CVPR} 2018, Salt Lake City, UT, USA, June 18-22, 2018},
  pages     = {7482--7491},
  publisher = {{IEEE} Computer Society},
  year      = {2018},
  url       = {http://openaccess.thecvf.com/content\_cvpr\_2018/html/Kendall\_Multi-Task\_Learning\_Using\_CVPR\_2018\_paper.html},
  doi       = {10.1109/CVPR.2018.00781},
  timestamp = {Sat, 19 Oct 2019 20:23:59 +0200},
  biburl    = {https://dblp.org/rec/conf/cvpr/KendallGC18.bib},
  bibsource = {dblp computer science bibliography, https://dblp.org}
}

@inproceedings{Sener18Pareto,
  author    = {Ozan Sener and
               Vladlen Koltun},
  editor    = {Samy Bengio and
               Hanna M. Wallach and
               Hugo Larochelle and
               Kristen Grauman and
               Nicol{\`{o}} Cesa{-}Bianchi and
               Roman Garnett},
  title     = {Multi-Task Learning as Multi-Objective Optimization},
  booktitle = {Advances in Neural Information Processing Systems 31: Annual Conference
               on Neural Information Processing Systems 2018, NeurIPS 2018, December
               3-8, 2018, Montr{\'{e}}al, Canada},
  pages     = {525--536},
  year      = {2018},
  url       = {https://proceedings.neurips.cc/paper/2018/hash/432aca3a1e345e339f35a30c8f65edce-Abstract.html},
  timestamp = {Thu, 21 Jan 2021 15:15:20 +0100},
  biburl    = {https://dblp.org/rec/conf/nips/SenerK18.bib},
  bibsource = {dblp computer science bibliography, https://dblp.org}
}

@article{Desideri12MGDA,
  title={Multiple-gradient descent algorithm (MGDA) for multiobjective optimization},
  author={Jean-Antoine D{\'e}sid{\'e}ri},
  journal={Comptes Rendus Mathematique},
  year={2012},
  volume={350},
  pages={313-318}
}

@inproceedings{Jaggi13RevisitingFrank-Wolfe,
  author    = {Martin Jaggi},
  title     = {Revisiting Frank-Wolfe: Projection-Free Sparse Convex Optimization},
  booktitle = {Proceedings of the 30th International Conference on Machine Learning,
               {ICML} 2013, Atlanta, GA, USA, 16-21 June 2013},
  series    = {{JMLR} Workshop and Conference Proceedings},
  volume    = {28},
  pages     = {427--435},
  publisher = {JMLR.org},
  year      = {2013},
  url       = {http://proceedings.mlr.press/v28/jaggi13.html},
  timestamp = {Wed, 29 May 2019 08:41:45 +0200},
  biburl    = {https://dblp.org/rec/conf/icml/Jaggi13.bib},
  bibsource = {dblp computer science bibliography, https://dblp.org}
}